%! Author = jacobcarlson
%! Date = 4/26/23

@misc{lester,
    author = {Micheal Lester},
    title = {PE Malware Machine Learning Dataset},
    year = {2021},
    journal = {Practical Security Analysis},
    email = {michael.lester.main@gmail.com},
}

@article{bilar,
    author = {Daniel Bilar},
    title = {Opcodes as predictor for malware},
    journal = {Int. J. Electronic Security and Digital Forensics},
    year = {2017},
}

@article{ember,
    author = {Hyrum S. Anderson, Phil Roth},
    title = {EMBER: An Open Dataset for Training Static PE Malware Machine Learning Models},
    year = {2018},
}

@article{virusShare1,
    author = {Corvus Forensics},
    title = {VirusShare\_00001},
    journal = {Virus Share},
    year = {2012}
}

@article{virusShare5,
    author = {Corvus Forensics},
    title = {VirusShare\_00005},
    journal = {Virus Share},
    year = {2012},
}

@article{virusShare451,
    author = {Corvus Forensics},
    title = {VirusShare\_00451},
    journal = {Virus Share},
    year = {2022},
}

@article{statcounter,
  author = {statcounter GlobalStats},
  title = {Desktop Windows Version Market Share Worldwide},
  year = 2012
}

@article{singh,
  author = {Dalwinder Singh, Birmohan Sign},
  title = {Investigating the Impact of Data Normalization on Classification Performance},
  journal = {Applied Soft Computing Journal,},
  year = {2019},
}